<?xml version="1.0" encoding="UTF-8"?><collection xmlns="http://www.loc.gov/MARC21/slim"><record><leader>00682nam--2200205-i-4500</leader><controlfield tag="001">000036114</controlfield><controlfield tag="002">20161230</controlfield><controlfield tag="005">20161230201040</controlfield><controlfield tag="008">060222s1000------------r-----000-0-eng-d</controlfield><datafield ind1=" " ind2=" " tag="040"><subfield code="a">IFIN-HH</subfield></datafield><datafield ind1=" " ind2=" " tag="080"><subfield code="a">539.12:539.14</subfield></datafield><datafield ind1="1" ind2=" " tag="100"><subfield code="a">Griffith, T.C</subfield></datafield><datafield ind1="1" ind2="0" tag="245"><subfield code="a">Nuclear forces and the few-nucleon problem</subfield><subfield code="b">Proceedingsof the international conference held at the physics department university college, london on 8-11 july 1959</subfield><subfield code="c">T.c. griffith, e.a. power (eds.)</subfield></datafield><datafield ind1=" " ind2=" " tag="260"><subfield code="a">London</subfield><subfield code="b">Pergamon Press</subfield><subfield code="c">1960</subfield></datafield><datafield ind1=" " ind2=" " tag="300"><subfield code="a">2 VOLUME</subfield></datafield><datafield ind1=" " ind2=" " tag="490"><subfield code="a">Proceedings</subfield></datafield><datafield ind1="1" ind2=" " tag="700"><subfield code="a">Power, E.A</subfield><subfield code="e">Ed</subfield></datafield><datafield ind1="1" ind2=" " tag="787"><subfield code="a">Volume Ii</subfield><subfield code="h">/340p./712p</subfield></datafield><datafield ind1=" " ind2=" " tag="852"><subfield code="a">13225</subfield><subfield code="c">539.14</subfield></datafield><datafield ind1=" " ind2=" " tag="CAT"><subfield code="a">Sys</subfield><subfield code="c">20120321</subfield><subfield code="h">140114</subfield></datafield></record></collection>